@incollection{Aharonson2014,
address = {Cambridge},
author = {Aharonson, O and Hayes, A G and Hayne, P O and Lopes, R M and Lucas, A and Perron, J T},
booktitle = {Titan},
doi = {10.1017/CBO9780511667398.005},
editor = {Muller-Wodarg, Ingo and Griffith, Caitlin A. and Lellouch, Emmanuel and Cravens, Thomas E.},
pages = {63--101},
publisher = {Cambridge University Press},
title = {{Titan's surface geology}},
url = {https://www.cambridge.org/core/product/identifier/CBO9780511667398A013/type/book{\_}part},
year = {2014}
}
@article{Barnes2007,
author = {Barnes, Jason W. and Brown, Robert H. and Soderblom, Laurence and Buratti, Bonnie J. and Sotin, Christophe and Rodriguez, Sebastien and {Le Mou{\`{e}}lic}, Stephane and Baines, Kevin H. and Clark, Roger and Nicholson, Phil},
doi = {10.1016/j.icarus.2006.08.021},
issn = {00191035},
journal = {Icarus},
number = {1},
pages = {242--258},
title = {{Global-scale surface spectral variations on Titan seen from Cassini/VIMS}},
volume = {186},
year = {2007}
}
@article{Barnes2011,
author = {Barnes, Jason W and Bow, Jacob and Schwartz, Jacob and Brown, Robert H and Soderblom, Jason M and Hayes, Alexander G. and Vixie, Graham and {Le Mou{\'{e}}lic}, St{\'{e}}phane and Rodriguez, Sebastien and Sotin, Christophe and Jaumann, Ralf and Stephan, Katrin and Soderblom, Laurence A and Clark, Roger N and Buratti, Bonnie J and Baines, Kevin H and Nicholson, Philip D},
doi = {10.1016/j.icarus.2011.08.022},
issn = {00191035},
journal = {Icarus},
month = {nov},
number = {1},
pages = {136--140},
title = {{Organic sedimentary deposits in Titan's dry lakebeds: Probable evaporite}},
url = {http://www.sciencedirect.com/science/article/pii/S0019103511003393},
volume = {216},
year = {2011}
}
@article{Barnes2013a,
author = {Barnes, Jason W. and Clark, Roger N. and Sotin, Christophe and {\'{A}}d{\'{a}}mkovics, M{\'{a}}t{\'{e}} and App{\'{e}}r{\'{e}}, Thomas and Rodriguez, Sebastien and Soderblom, Jason M. and Brown, Robert H. and Buratti, Bonnie J. and Baines, Kevin H. and {Le Mou{\'{e}}lic}, St{\'{e}}phane and Nicholson, Philip D.},
doi = {10.1088/0004-637X/777/2/161},
issn = {15384357},
journal = {Astrophysical Journal},
number = {2},
title = {{A transmission spectrum of titan's north polar atmosphere from a specular reflection of the sun}},
volume = {777},
year = {2013}
}
@article{Barnes2013b,
author = {Barnes, Jason W and Buratti, Bonnie J and Turtle, Elizabeth P and Bow, Jacob and Dalba, Paul a and Perry, Jason and Brown, Robert H and Rodriguez, Sebastien and Mou{\'{e}}lic, St{\'{e}}phane Le and Baines, Kevin H and Sotin, Christophe and Lorenz, Ralph D and Malaska, Michael J and McCord, Thomas B and Clark, Roger N and Jaumann, Ralf and Hayne, Paul O and Nicholson, Philip D and Soderblom, Jason M and Soderblom, Laurence a},
doi = {10.1186/2191-2521-2-1},
issn = {2191-2521},
journal = {Planetary Science},
number = {1},
pages = {1},
title = {{Precipitation-induced surface brightenings seen on Titan by Cassini VIMS and ISS}},
url = {http://www.planetary-science.com/content/2/1/1},
volume = {2},
year = {2013}
}
@article{Barnes2014,
author = {Barnes, Jason W and Sotin, Christophe and Soderblom, Jason M and Brown, Robert H and Hayes, Alexander G and Donelan, Mark and Rodriguez, Sebastien and Mou{\'{e}}lic, St{\'{e}}phane and Baines, Kevin H and McCord, Thomas B},
doi = {10.1186/s13535-014-0003-4},
issn = {2191-2521},
journal = {Planetary Science},
number = {1},
pages = {3},
title = {{Cassini/VIMS observes rough surfaces on Titan's Punga Mare in specular reflection}},
url = {http://www.planetary-science.com/content/3/1/3},
volume = {3},
year = {2014}
}
@article{Binder1972,
author = {Binder, Alan B and Jones, J. Colin},
doi = {10.1029/JB077i017p03005},
issn = {01480227},
journal = {Journal of Geophysical Research},
month = {jun},
number = {17},
pages = {3005--3020},
title = {{Spectrophotometric studies of the photometric function, composition, and distribution of the surface materials of Mars}},
url = {http://doi.wiley.com/10.1029/JB077i017p03005},
volume = {77},
year = {1972}
}
@article{Brossier2018,
author = {Brossier, J. F. and Rodriguez, S. and Cornet, T. and Lucas, A. and Radebaugh, J. and Maltagliati, L. and {Le Mou{\'{e}}lic}, S. and Solomonidou, A. and Coustenis, A. and Hirtzig, M. and Jaumann, R. and Stephan, K. and Sotin, C.},
doi = {10.1029/2017JE005399},
issn = {21699097},
journal = {Journal of Geophysical Research: Planets},
month = {may},
number = {5},
pages = {1089--1112},
title = {{Geological Evolution of Titan's Equatorial Regions: Possible Nature and Origin of the Dune Material}},
url = {http://doi.wiley.com/10.1029/2017JE005399},
volume = {123},
year = {2018}
}
@incollection{Brown2004,
address = {Dordrecht},
author = {Brown, R. H. and Baines, K. H. and Bellucci, G. and Bibring, J.-P. and Buratti, B. J. and Capaccioni, F. and Cerroni, P. and Clark, R. N. and Coradini, A. and Cruikshank, D. P. and Drossart, P. and Formisano, V. and Jaumann, R. and Langevin, Y. and Matson, D. L. and Mccord, T. B. and Mennella, V. and Miller, E. and Nelson, R. M. and Nicholson, P. D. and Sicardy, B. and Sotin, C.},
booktitle = {The Cassini-Huygens Mission},
doi = {10.1007/1-4020-3874-7_3},
pages = {111--168},
publisher = {Kluwer Academic Publishers},
title = {{The Cassini Visual and Infrared Mapping Spectrometer (VIMS) Investigation}},
url = {http://link.springer.com/10.1007/1-4020-3874-7{\_}3},
year = {2004}
}
@article{Brown2010,
author = {Brown, Michael E. and Roberts, Jessica E. and Schaller, Emily L.},
doi = {10.1016/j.icarus.2009.08.024},
isbn = {0019-1035},
issn = {00191035},
journal = {Icarus},
month = {feb},
number = {2},
pages = {571--580},
pmid = {274599400019},
publisher = {Elsevier Inc.},
title = {{Clouds on Titan during the Cassini prime mission: A complete analysis of the VIMS data}},
url = {http://dx.doi.org/10.1016/j.icarus.2009.08.024 http://linkinghub.elsevier.com/retrieve/pii/S0019103509003637},
volume = {205},
year = {2010}
}
@article{Clark2009,
author = {Clark, Roger N. and Curchin, John M. and Hoefen, Todd M. and Swayze, Gregg A.},
doi = {10.1029/2008JE003150},
issn = {0148-0227},
journal = {Journal of Geophysical Research},
month = {mar},
number = {E3},
pages = {E03001},
title = {{Reflectance spectroscopy of organic compounds: 1. Alkanes}},
url = {http://doi.wiley.com/10.1029/2008JE003150},
volume = {114},
year = {2009}
}
@article{Clark2010,
author = {Clark, Roger N. and Curchin, John M. and Barnes, Jason W. and Jaumann, Ralf and Soderblom, Larry and Cruikshank, Dale P. and Brown, Robert H. and Rodriguez, S{\'{e}}bastien and Lunine, Jonathan and Stephan, Katrin and Hoefen, Todd M. and {Le Mou{\'{e}}lic}, St{\'{e}}phane and Sotin, Christophe and Baines, Kevin H. and Buratti, Bonnie J. and Nicholson, Philip D.},
doi = {10.1029/2009JE003369},
isbn = {0148-0227},
issn = {01480227},
journal = {Journal of Geophysical Research},
number = {10},
title = {{Detection and mapping of hydrocarbon deposits on Titan}},
volume = {115},
year = {2010}
}
@techreport{Clark2018,
author = {Clark, Roger N. and Brown, Robert H. and Lytle, Dyer M. and Hedman, Matt},
booktitle = {NASA Planetary Data System},
institution = {The Planetary Atmospheres Node},
pages = {30},
title = {{The VIMS Wavelength and Radiometric Calibration 19, Final Report}},
url = {http://atmos.nmsu.edu/data{\_}and{\_}services/atmospheres{\_}data/Cassini/vims.html},
year = {2018}
}
@article{Cornet2012,
author = {Cornet, T. and Bourgeois, O. and {Le Mou{\'{e}}lic}, S. and Rodriguez, S. and {Lopez Gonzalez}, T. and Sotin, C. and Tobie, G. and Fleurant, C. and Barnes, J. W. and Brown, R. H. and Baines, K. H. and Buratti, B. J. and Clark, R. N. and Nicholson, P. D.},
doi = {10.1016/j.icarus.2012.01.013},
isbn = {0019-1035},
issn = {00191035},
journal = {Icarus},
number = {2},
pages = {788--806},
publisher = {Elsevier Inc.},
title = {{Geomorphological significance of Ontario Lacus on Titan: Integrated interpretation of Cassini VIMS, ISS and RADAR data and comparison with the Etosha Pan (Namibia)}},
url = {http://dx.doi.org/10.1016/j.icarus.2012.01.013},
volume = {218},
year = {2012}
}
@inproceedings{Cornet2017,
address = {Texas},
author = {Cornet, T and Rodriguez, S and Maltagliati, L and App{\'{e}}r{\'{e}}, T and Sotin, C and {Le Mou{\'{e}}lic}, S and Rannou, P and Solomonidou, A and Hirtzig, M and B{\'{e}}zard, B and Coustenis, A and Brown, R H and Barnes, J W and Baines, K H and Buratti, B J and Clark, R N and Nicholson, P D},
booktitle = {48th Lunar and Planetary Science Conference},
title = {{Radiative Transfer Modelling in Titan's Atmosphere: Application to Cassini/VIMS Data}},
url = {http://adsabs.harvard.edu/abs/2017LPI....48.1847C},
volume = {48},
year = {2017}
}
@article{Elachi2005,
author = {Elachi, C and Wall, S and Allison, M and Anderson, Y and Boehmer, R and Callahan, P and Encrenaz, P and Flamini, E and Franceschetti, G and Gim, Y and Hamilton, G and Hensley, S and Janssen, Michael and Johnson, W and Kelleher, K and Kirk, Randolph L. and Lopes, R and Lorenz, R and Lunine, J and Muhleman, D and Ostro, S and Paganelli, F and Picardi, G and Posa, F and Roth, L and Seu, R and Shaffer, S and Soderblom, Laurence A and Stiles, B and Stofan, Ellen R. and Vetrella, S and West, Robert A. and Wood, C and Wye, L and Zebker, H},
doi = {10.1126/science.1109919},
isbn = {0036-8075},
issn = {0036-8075},
journal = {Science},
month = {may},
number = {5724},
pages = {970--974},
pmid = {15890871},
title = {{Cassini Radar Views the Surface of Titan}},
url = {http://www.sciencemag.org/content/308/5724/970 http://www.sciencemag.org/cgi/doi/10.1126/science.1109919},
volume = {308},
year = {2005}
}
@article{Hapke1963,
author = {Hapke, Bruce W},
doi = {10.1029/JZ068i015p04571},
issn = {01480227},
journal = {Journal of Geophysical Research},
month = {aug},
number = {15},
pages = {4571--4586},
title = {{A theoretical photometric function for the lunar surface}},
url = {http://doi.wiley.com/10.1029/JZ068i015p04571},
volume = {68},
year = {1963}
}
@book{Hapke2012,
address = {Cambridge},
author = {Hapke, Bruce},
doi = {10.1017/CBO9781139025683},
edition = {2nd},
isbn = {9781139025683},
publisher = {Cambridge University Press},
title = {{Theory of Reflectance and Emittance Spectroscopy}},
url = {http://ebooks.cambridge.org/ref/id/CBO9781139025683},
year = {2012}
}
@article{Hirtzig2009,
author = {Hirtzig, Mathieu and Tokano, Tetsuya and Rodriguez, S{\'{e}}bastien and le Mou{\'{e}}lic, St{\'{e}}phane and Sotin, Christophe},
doi = {10.1007/s00159-009-0018-0},
isbn = {0935-4956},
issn = {0935-4956},
journal = {The Astronomy and Astrophysics Review},
month = {jun},
number = {2},
pages = {105--147},
title = {{A review of Titan's atmospheric phenomena}},
url = {http://link.springer.com/10.1007/s00159-009-0018-0},
volume = {17},
year = {2009}
}
@article{Karkoschka2016,
author = {Karkoschka, Erich and Schr{\"{o}}der, Stefan E.},
doi = {10.1016/j.icarus.2015.06.010},
issn = {00191035},
journal = {Icarus},
month = {may},
pages = {260--271},
title = {{Eight-color maps of Titan's surface from spectroscopy with Huygens' DISR}},
url = {http://linkinghub.elsevier.com/retrieve/pii/S0019103515002547},
volume = {270},
year = {2016}
}
@article{Kokaly2017,
author = {Kokaly, Raymond F. and Clark, Roger N. and Swayze, Gregg A. and Livo, K. Eric and Hoefen, Todd M. and Pearson, Neil C. and Wise, Richard A. and Benzel, William M. and Lowers, Heather A. and Driscoll, Rhonda L. and Klein, Anna J.},
doi = {10.3133/ds1035},
isbn = {1035},
issn = {2327-638X},
journal = {Data Series},
pages = {61},
title = {{USGS Spectral Library Version 7}},
url = {https://pubs.er.usgs.gov/publication/ds1035},
year = {2017}
}
@article{Lane1973,
author = {Lane, Adair P and Irvine, William M},
doi = {10.1086/111414},
issn = {00046256},
journal = {The Astronomical Journal},
month = {apr},
number = {1962},
pages = {267},
title = {{Monochromatic phase curves and albedos for the lunar disk}},
url = {http://adsabs.harvard.edu/cgi-bin/bib{\_}query?1973AJ.....78..267L},
volume = {78},
year = {1973}
}
@article{LeMouelic2008,
author = {{Le Mou{\'{e}}lic}, St{\'{e}}phane and Paillou, Philippe and Janssen, Michael A. and Barnes, Jason W. and Rodriguez, S{\'{e}}bastien and Sotin, Christophe and Brown, Robert H. and Baines, Kevin H. and Buratti, Bonnie J. and Clark, Roger N. and Crapeau, Marc and Encrenaz, Pierre J. and Jaumann, Ralf and Geudtner, Dirk and Paganelli, Flora and Soderblom, Laurence and Tobie, Gabriel and Wall, Steve},
doi = {10.1029/2007JE002965},
issn = {0148-0227},
journal = {Journal of Geophysical Research},
month = {apr},
number = {E4},
pages = {E04003},
title = {{Mapping and interpretation of Sinlap crater on Titan using Cassini VIMS and RADAR data}},
url = {http://doi.wiley.com/10.1029/2007JE002965},
volume = {113},
year = {2008}
}
@article{LeMouelic2012a,
author = {{Le Mou{\'{e}}lic}, St{\'{e}}phane and Cornet, Thomas and Rodriguez, S{\'{e}}bastien and Sotin, Christophe and Barnes, Jason W. and Baines, Kevin H. and Brown, Robert H. and Lef{\`{e}}vre, Axel and Buratti, Bonnie J. and Clark, Roger N. and Nicholson, Philip D.},
doi = {10.1016/j.pss.2012.09.008},
isbn = {0032-0633},
issn = {00320633},
journal = {Planetary and Space Science},
month = {dec},
number = {1},
pages = {178--190},
title = {{Global mapping of Titan's surface using an empirical processing method for the atmospheric and photometric correction of Cassini/VIMS images}},
url = {http://linkinghub.elsevier.com/retrieve/pii/S0032063312002838},
volume = {73},
year = {2012}
}
@article{LeMouelic2012b,
author = {{Le Mou{\'{e}}lic}, St{\'{e}}phane and Rannou, Pascal and Rodriguez, S{\'{e}}bastien and Sotin, Christophe and Griffith, Caitlin A. and {Le Corre}, Lucille and Barnes, Jason W. and Brown, Robert H. and Baines, Kevin H. and Buratti, Bonnie J. and Clark, Roger N. and Nicholson, Philip D. and Tobie, Gabriel},
doi = {10.1016/j.pss.2011.04.006},
issn = {00320633},
journal = {Planetary and Space Science},
number = {1},
pages = {86--92},
title = {{Dissipation of Titans north polar cloud at northern spring equinox}},
volume = {60},
year = {2012}
}
@article{LeMouelic2018,
author = {{Le Mou{\'{e}}lic}, S. and Rodriguez, S. and Robidel, R. and Rousseau, B. and Seignovert, B. and Sotin, C. and Barnes, J.W. and Brown, R.H. and Baines, K.H. and Buratti, B.J. and Clark, R.N. and Nicholson, P.D. and Rannou, P. and Cornet, T.},
doi = {10.1016/j.icarus.2018.04.028},
issn = {00191035},
journal = {Icarus},
month = {sep},
pages = {371--383},
title = {{Mapping polar atmospheric features on Titan with VIMS: From the dissipation of the northern cloud to the onset of a southern polar vortex}},
url = {https://linkinghub.elsevier.com/retrieve/pii/S001910351830112X},
volume = {311},
year = {2018}
}
@article{Lopes2013,
author = {Lopes, R. M. C. and Kirk, R. L. and Mitchell, K. L. and LeGall, A. and Barnes, J. W. and Hayes, A. and Kargel, J. and Wye, L. and Radebaugh, J. and Stofan, E. R. and Janssen, M. A. and Neish, C. D. and Wall, S. D. and Wood, C. A. and Lunine, J. I. and Malaska, M. J.},
doi = {10.1002/jgre.20062},
issn = {21699097},
journal = {Journal of Geophysical Research: Planets},
month = {mar},
number = {3},
pages = {416--435},
title = {{Cryovolcanism on Titan: New results from Cassini RADAR and VIMS}},
url = {http://doi.wiley.com/10.1002/jgre.20062},
volume = {118},
year = {2013}
}
@article{MacKenzie2014,
archivePrefix = {arXiv},
arxivId = {arXiv:1408.2899v1},
author = {MacKenzie, Shannon M. and Barnes, Jason W. and Sotin, Christophe and Soderblom, Jason M. and {Le Mou{\'{e}}lic}, St{\'{e}}phane and Rodriguez, Sebastien and Baines, Kevin H. and Buratti, Bonnie J. and Clark, Roger N. and Nicholson, Phillip D. and McCord, Thomas B.},
doi = {10.1016/j.icarus.2014.08.022},
eprint = {arXiv:1408.2899v1},
issn = {10902643},
journal = {Icarus},
pages = {191--207},
publisher = {Elsevier Inc.},
title = {{Evidence of Titan's climate history from evaporite distribution}},
url = {http://dx.doi.org/10.1016/j.icarus.2014.08.022},
volume = {243},
year = {2014}
}
@article{McCord2008,
author = {McCord, Thomas B. and Hayne, Paul and Combe, Jean-Philippe and Hansen, Gary B. and Barnes, Jason W. and Rodriguez, S{\'{e}}bastien and {Le Mou{\'{e}}lic}, St{\'{e}}phane and Baines, E. Kevin H. and Buratti, Bonnie J. and Sotin, Christophe and Nicholson, Philip and Jaumann, Ralf and Nelson, Robert and {the Cassini VIMS Team}},
doi = {10.1016/j.icarus.2007.08.039},
isbn = {1487118864},
issn = {00191035},
journal = {Icarus},
month = {mar},
number = {1},
pages = {212--242},
title = {{Titan's surface: Search for spectral diversity and composition using the Cassini VIMS investigation}},
url = {http://linkinghub.elsevier.com/retrieve/pii/S0019103507003855},
volume = {194},
year = {2008}
}
@article{Neish2016,
author = {Neish, C. D. and Molaro, J. L. and Lora, J. M. and Howard, A. D. and Kirk, R. L. and Schenk, P. and Bray, V. J. and Lorenz, R. D.},
doi = {10.1016/j.icarus.2015.07.022},
issn = {10902643},
journal = {Icarus},
month = {may},
pages = {114--129},
publisher = {Elsevier Inc.},
title = {{Fluvial erosion as a mechanism for crater modification on Titan}},
url = {http://dx.doi.org/10.1016/j.icarus.2015.07.022 http://linkinghub.elsevier.com/retrieve/pii/S0019103515003139},
volume = {270},
year = {2016}
}
@article{Pelkey2007,
author = {Pelkey, Shannon M. and Mustard, John F. and Murchie, S. and Clancy, R. T. and Wolff, M. and Smith, M. and Milliken, R. and Bibring, J.-P. and Gendrin, A. and Poulet, Fran{\c{c}}ois and Langevin, Yves and Gondet, Brigitte},
doi = {10.1029/2006JE002831},
isbn = {0148-0227},
issn = {0148-0227},
journal = {Journal of Geophysical Research},
month = {jul},
number = {E8},
pages = {E08S14},
title = {{CRISM multispectral summary products: Parameterizing mineral diversity on Mars from reflectance}},
url = {http://doi.wiley.com/10.1029/2006JE002831},
volume = {112},
year = {2007}
}
@article{Porco2005,
author = {Porco, Carolyn C and Baker, Emily and Barbara, John and Beurle, Kevin and Brahic, Andre and Burns, Joseph a and Charnoz, Sebastien and Cooper, Nick and Dawson, Douglas D and {Del Genio}, Anthony D and Denk, Tilmann and Dones, Luke and Dyudina, Ulyana and Evans, Michael W and Fussner, Stephanie and Giese, Bernd and Grazier, Kevin and Helfenstein, Paul and Ingersoll, Andrew P and Jacobson, Robert a and Johnson, Torrence V and McEwen, Alfred and Murray, Carl D and Neukum, Gerhard and Owen, William M and Perry, Jason and Roatsch, Thomas and Spitale, Joseph and Squyres, Steven and Thomas, Peter and Tiscareno, Matthew and Turtle, Elizabeth P. and Vasavada, Ashwin R and Veverka, Joseph and Wagner, Roland and West, Robert A.},
doi = {10.1038/nature03436},
isbn = {0028-0836},
issn = {0028-0836},
journal = {Nature},
pages = {159--168},
pmid = {15758990},
title = {{Imaging of Titan from the Cassini spacecraft.}},
volume = {434},
year = {2005}
}
@article{Radebaugh2007,
author = {Radebaugh, Jani and Lorenz, Ralph D and Kirk, Randolph L. and Lunine, Jonathan I and Stofan, Ellen R. and Lopes, Rosaly M C and Wall, Stephen D},
doi = {10.1016/j.icarus.2007.06.020},
issn = {00191035},
journal = {Icarus},
month = {dec},
number = {1},
pages = {77--91},
title = {{Mountains on Titan observed by Cassini Radar}},
url = {http://www.sciencedirect.com/science/article/pii/S0019103507002771 http://linkinghub.elsevier.com/retrieve/pii/S0019103507002771},
volume = {192},
year = {2007}
}
@article{Radebaugh2008,
author = {Radebaugh, Jani and Lorenz, R D and Lunine, J I and Wall, S D and Boubin, G and Reffet, E and Kirk, Randolph L. and Lopes, R M and Stofan, Ellen R. and Soderblom, Laurence A and Allison, M and Janssen, Michael and Paillou, P and Callahan, P and Spencer, C and {the Cassini Radar Team}},
doi = {10.1016/j.icarus.2007.10.015},
issn = {00191035},
journal = {Icarus},
month = {apr},
number = {2},
pages = {690--703},
title = {{Dunes on Titan observed by Cassini Radar}},
url = {http://linkinghub.elsevier.com/retrieve/pii/S001910350700512X},
volume = {194},
year = {2008}
}
@article{Rodriguez2006,
archivePrefix = {arXiv},
arxivId = {0906.5476},
author = {Rodriguez, S. and {Le Mou{\'{e}}lic}, S. and Sotin, C. and Cl{\'{e}}net, H. and Clark, R.N. and Buratti, B. and Brown, R.H. and McCord, T.B. and Nicholson, P.D. and Baines, K.H.},
doi = {10.1016/j.pss.2006.06.016},
eprint = {0906.5476},
isbn = {1481624032},
issn = {00320633},
journal = {Planetary and Space Science},
month = {dec},
number = {15},
pages = {1510--1523},
title = {{Cassini/VIMS hyperspectral observations of the HUYGENS landing site on Titan}},
url = {http://linkinghub.elsevier.com/retrieve/pii/S0032063306001437},
volume = {54},
year = {2006}
}
@article{Rodriguez2009,
archivePrefix = {arXiv},
arxivId = {0907.0606},
author = {Rodriguez, S{\'{e}}bastien and {Le Mou{\'{e}}lic}, St{\'{e}}phane and Rannou, Pascal and Tobie, Gabriel and Baines, Kevin H. and Barnes, Jason W. and Griffith, Caitlin A. and Hirtzig, Mathieu and Pitman, Karly M. and Sotin, Christophe and Brown, Robert H. and Buratti, Bonnie J. and Clark, Roger N. and Nicholson, Phil D.},
doi = {10.1038/nature08014},
eprint = {0907.0606},
isbn = {1476-4687 (Electronic)$\backslash$r0028-0836 (Linking)},
issn = {0028-0836},
journal = {Nature},
number = {7247},
pages = {678--682},
pmid = {19494910},
title = {{Global circulation as the main source of cloud activity on Titan}},
url = {http://www.nature.com/doifinder/10.1038/nature08014},
volume = {459},
year = {2009}
}
@article{Rodriguez2011,
author = {Rodriguez, S. and {Le Mou{\'{e}}lic}, S. and Rannou, P. and Sotin, C. and Brown, R.H. and Barnes, J.W. and Griffith, C.A. and Burgalat, J. and Baines, K.H. and Buratti, B.J. and Clark, R.N. and Nicholson, P.D.},
doi = {10.1016/j.icarus.2011.07.031},
isbn = {00191035},
issn = {00191035},
journal = {Icarus},
month = {nov},
number = {1},
pages = {89--110},
publisher = {Elsevier Inc.},
title = {{Titan's cloud seasonal activity from winter to spring with Cassini/VIMS}},
url = {http://dx.doi.org/10.1016/j.icarus.2011.07.031 http://linkinghub.elsevier.com/retrieve/pii/S0019103511003034},
volume = {216},
year = {2011}
}
@article{Rodriguez2014,
author = {Rodriguez, S. and Garcia, A. and Lucas, A. and App{\'{e}}r{\'{e}}, T. and {Le Gall}, A. and Reffet, E. and {Le Corre}, L. and {Le Mou{\'{e}}lic}, S. and Cornet, T. and {Courrech du Pont}, S. and Narteau, C. and Bourgeois, O. and Radebaugh, J. and Arnold, K. and Barnes, J.W. and Stephan, K. and Jaumann, R. and Sotin, C. and Brown, R.H. and Lorenz, R.D. and Turtle, E.P.},
doi = {10.1016/j.icarus.2013.11.017},
isbn = {0019-1035},
issn = {00191035},
journal = {Icarus},
month = {feb},
pages = {168--179},
publisher = {Elsevier Inc.},
title = {{Global mapping and characterization of Titan's dune fields with Cassini: Correlation between RADAR and VIMS observations}},
url = {http://dx.doi.org/10.1016/j.icarus.2013.11.017 http://linkinghub.elsevier.com/retrieve/pii/S0019103513004892},
volume = {230},
year = {2014}
}
@Dataset{Seignovert2015,
author = {Seignovert, Beno{\^{i}}t},
doi = {10.5281/zenodo.155767},
month = {nov},
title = {{Cassini Titan flyby}},
url = {https://doi.org/10.5281/zenodo.155767},
year = {2015}
}
@article{Soderblom2009a,
author = {Soderblom, Laurence A. and Brown, Robert H. and Soderblom, Jason M. and Barnes, Jason W. and Kirk, Randolph L. and Sotin, Christophe and Jaumann, Ralf and Mackinnon, David J. and Mackowski, Daniel W. and Baines, Kevin H. and Buratti, Bonnie J. and Clark, Roger N. and Nicholson, Philip D.},
doi = {10.1016/j.icarus.2009.07.033},
isbn = {0019-1035},
issn = {00191035},
journal = {Icarus},
month = {dec},
number = {2},
pages = {610--618},
publisher = {Elsevier Inc.},
title = {{The geology of Hotei Regio, Titan: Correlation of Cassini VIMS and RADAR}},
url = {http://dx.doi.org/10.1016/j.icarus.2009.07.033 http://linkinghub.elsevier.com/retrieve/pii/S0019103509003200},
volume = {204},
year = {2009}
}
@inbook{Soderblom2009b,
address = {Dordrecht},
author = {Soderblom, L A and Barnes, J W and Brown, R H and Clark, R N and Janssen, M A and McCord, T B and Niemann, H B and Tomasko, M G},
booktitle = {Titan from Cassini-Huygens},
doi = {10.1007/978-1-4020-9215-2_6},
editor = {Brown, Robert H and Lebreton, Jean-Pierre and Waite, J Hunter},
isbn = {978-1-4020-9215-2},
pages = {141--175},
publisher = {Springer Netherlands},
title = {{Composition of Titan's Surface}},
url = {https://doi.org/10.1007/978-1-4020-9215-2{\_}6 http://link.springer.com/10.1007/978-1-4020-9215-2{\_}6},
year = {2009}
}
@article{Soderblom2012,
author = {Soderblom, Jason M. and Barnes, Jason W. and Soderblom, Laurence A. and Brown, Robert H. and Griffith, Caitlin A. and Nicholson, Philip D. and Stephan, Katrin and Jaumann, Ralf and Sotin, Christophe and Baines, Kevin H. and Buratti, Bonnie J. and Clark, Roger N.},
doi = {10.1016/j.icarus.2012.05.030},
isbn = {0019-1035},
issn = {00191035},
journal = {Icarus},
month = {aug},
number = {2},
pages = {744--751},
publisher = {Elsevier Inc.},
title = {{Modeling specular reflections from hydrocarbon lakes on Titan}},
url = {http://dx.doi.org/10.1016/j.icarus.2012.05.030 http://linkinghub.elsevier.com/retrieve/pii/S0019103512002126},
volume = {220},
year = {2012}
}
@article{Solomonidou2016,
author = {Solomonidou, Anezina and Coustenis, A. and Hirtzig, M. and Rodriguez, S. and Stephan, K. and Lopes, R.M.C. and Drossart, P. and Sotin, C. and {Le Mou{\'{e}}lic}, S. and Lawrence, K. and Bratsolis, E. and Jaumann, R. and Brown, R.H.},
doi = {10.1016/j.icarus.2015.05.003},
isbn = {1490958010},
issn = {00191035},
journal = {Icarus},
month = {may},
pages = {85--99},
publisher = {Elsevier Inc.},
title = {{Temporal variations of Titan's surface with Cassini/VIMS}},
url = {http://dx.doi.org/10.1016/j.icarus.2015.05.003 http://linkinghub.elsevier.com/retrieve/pii/S0019103515002055},
volume = {270},
year = {2016}
}
@article{Solomonidou2018,
author = {Solomonidou, A. and Coustenis, A. and Lopes, R. M.C. and Malaska, M. J. and Rodriguez, S. and Drossart, P. and Elachi, C. and Schmitt, B. and Philippe, S. and Janssen, M. and Hirtzig, M. and Wall, S. and Sotin, C. and Lawrence, K. and Altobelli, N. and Bratsolis, E. and Radebaugh, J. and Stephan, K. and Brown, R. H. and {Le Mou{\'{e}}lic}, S. and {Le Gall}, A. and Villanueva, E. V. and Brossier, J. F. and Bloom, A. A. and Witasse, O. and Matsoukas, C. and Schoenfeld, A.},
doi = {10.1002/2017JE005477},
issn = {21699100},
journal = {Journal of Geophysical Research: Planets},
month = {feb},
number = {2},
pages = {489--507},
title = {{The Spectral Nature of Titan's Major Geomorphological Units: Constraints on Surface Composition}},
url = {http://doi.wiley.com/10.1002/2017JE005477},
volume = {123},
year = {2018}
}
@article{Sotin2005,
author = {Sotin, C. and Jaumann, Ralf and Buratti, Bonnie J and Brown, Robert H and Clark, Roger N. and Soderblom, Laurence a and Baines, K H and Bellucci, Giancarlo and Bibring, Jean-Pierre and Capaccioni, Fabrizio and Cerroni, Pricilla and Combes, Michel and Coradini, Angioletta and Cruikshank, Dale P and Drossart, Pierre and Formisano, Vittorio and Langevin, Yves and Matson, Dennis L and McCord, Thomas B and Nelson, Robert M and Nicholson, Philip D and Sicardy, B and LeMou{\'{e}}lic, St{\'{e}}phane and Rodriguez, S and Stephan, Klaas E and Scholz, C K},
doi = {10.1038/nature03596},
isbn = {1476-4687 (Electronic)},
issn = {0028-0836},
journal = {Nature},
number = {7043},
pages = {786--789},
pmid = {15944697},
title = {{Release of volatiles from a possible cryovolcano from near-infrared imaging of Titan.}},
volume = {435},
year = {2005}
}
@article{Sotin2012,
author = {Sotin, C. and Lawrence, K. J. and Reinhardt, B. and Barnes, J. W. and Brown, R. H. and Hayes, A. G. and {Le Mou{\'{e}}lic}, S. and Rodriguez, S. and Soderblom, J. M. and Soderblom, L. A. and Baines, K. H. and Buratti, B. J. and Clark, R. N. and Jaumann, R. and Nicholson, P. D. and Stephan, K.},
doi = {10.1016/j.icarus.2012.08.017},
isbn = {0019-1035},
issn = {00191035},
journal = {Icarus},
number = {2},
pages = {768--786},
publisher = {Elsevier Inc.},
title = {{Observations of Titan's Northern lakes at 5$\mu$m: Implications for the organic cycle and geology}},
url = {http://dx.doi.org/10.1016/j.icarus.2012.08.017},
volume = {221},
year = {2012}
}
@article{Stofan2007,
author = {Stofan, Ellen R. and Elachi, C and Lunine, J I and Lorenz, R D and Stiles, B and Mitchell, K L and Ostro, S and Soderblom, Laurence A and Wood, C and Zebker, H and Wall, S and Janssen, Michael and Kirk, Randolph L. and Lopes, R and Paganelli, F and Radebaugh, Jani and Wye, L and Anderson, Y and Allison, M and Boehmer, R and Callahan, P and Encrenaz, P and Flamini, E and Francescetti, G and Gim, Y and Hamilton, G and Hensley, S and Johnson, W T K and Kelleher, K and Muhleman, D and Paillou, P and Picardi, G and Posa, F and Roth, L and Seu, R and Shaffer, S and Vetrella, S and West, Robert A.},
doi = {10.1038/nature05438},
issn = {1476-4687},
journal = {Nature},
month = {jan},
number = {7123},
pages = {61--64},
pmid = {17203056},
publisher = {Nature Publishing Group},
shorttitle = {Nature},
title = {{The lakes of Titan}},
url = {http://dx.doi.org/10.1038/nature05438},
volume = {445},
year = {2007}
}
@article{Tomasko2005,
author = {Tomasko, M. G. and Archinal, B. and Becker, T. and B{\'{e}}zard, B. and Bushroe, M. and Combes, M. and Cook, D. and Coustenis, A. and de Bergh, C. and Dafoe, L. E. and Doose, L. and Dout{\'{e}}, S. and Eibl, A. and Engel, S. and Gliem, F. and Grieger, B. and Holso, K. and Howington-Kraus, E. and Karkoschka, E. and Keller, H. U. and Kirk, R. and Kramm, R. and K{\"{u}}ppers, M. and Lanagan, P. and Lellouch, E. and Lemmon, M. and Lunine, J. and McFarlane, E. and Moores, J. and Prout, G. M. and Rizk, B. and Rosiek, M. and Rueffer, P. and Schr{\"{o}}der, S. E. and Schmitt, B. and See, C. and Smith, P. and Soderblom, L. and Thomas, N. and West, R.},
doi = {10.1038/nature04126},
isbn = {1476-4687 (Electronic)$\backslash$r0028-0836 (Linking)},
issn = {0028-0836},
journal = {Nature},
month = {dec},
number = {7069},
pages = {765--778},
pmid = {16319829},
title = {{Rain, winds and haze during the Huygens probe's descent to Titan's surface}},
url = {http://www.nature.com/doifinder/10.1038/nature04126},
volume = {438},
year = {2005}
}
@article{Turtle2018,
author = {Turtle, E. P. and Perry, J. E. and Barbara, J. M. and {Del Genio}, A. D. and Rodriguez, S. and {Le Mou{\'{e}}lic}, S. and Sotin, C. and Lora, J. M. and Faulk, S. and Corlies, P. and Kelland, J. and MacKenzie, S. M. and West, R. A. and McEwen, A. S. and Lunine, J. I. and Pitesky, J. and Ray, T. L. and Roy, M.},
doi = {10.1029/2018GL078170},
issn = {19448007},
journal = {Geophysical Research Letters},
number = {11},
pages = {5320--5328},
title = {{Titan's Meteorology Over the Cassini Mission: Evidence for Extensive Subsurface Methane Reservoirs}},
volume = {45},
year = {2018}
}
@article{Vixie2012,
author = {Vixie, Graham and Barnes, Jason W. and Bow, Jacob and {Le Mou{\'{e}}lic}, St{\'{e}}phane and Rodriguez, S{\'{e}}bastien and Brown, Robert H. and Cerroni, Priscilla and Tosi, Federico and Buratti, Bonnie and Sotin, Christophe and Filacchione, Gianrico and Capaccioni, Fabrizio and Coradini, Angioletta},
doi = {10.1016/j.pss.2011.03.021},
isbn = {0032-0633},
issn = {00320633},
journal = {Planetary and Space Science},
month = {jan},
number = {1},
pages = {52--61},
title = {{Mapping Titan's surface features within the visible spectrum via Cassini VIMS}},
url = {http://linkinghub.elsevier.com/retrieve/pii/S0032063311001085},
volume = {60},
year = {2012}
}
@article{Wood2010,
author = {Wood, Charles A. and Lorenz, Ralph and Kirk, Randy and Lopes, Rosaly and Mitchell, Karl and Stofan, Ellen},
doi = {10.1016/j.icarus.2009.08.021},
isbn = {0019-1035},
issn = {00191035},
journal = {Icarus},
number = {1},
pages = {334--344},
publisher = {Elsevier Inc.},
title = {{Impact craters on Titan}},
url = {http://dx.doi.org/10.1016/j.icarus.2009.08.021},
volume = {206},
year = {2010}
}
